@misc{phantomnet,
  author =	 "{Flux Group, University of Utah}",
  title =	 "{PhantomNet}",
  howpublished = {\url{https://www.phantomnet.org/}},
}

@misc{iscsi,
  author =	 "",
  title =	 "{iSCSI}",
  howpublished = {\url{http://zh.wikipedia.org/wiki/ISCSI}},
}
@misc{xenmotion,
  author =	 "Citrix",
  title =	 "{Storage XenMotion: Live Storage Migration with Citrix Xenserver}",
  howpublished = {\url{http://www.citrix.com/content/dam/citrix/en_us/documents/products-solutions/storage-xenmotion-live-storage-migration-with-citrix-xenserver.pdf}},
}


@misc{drbd,
  author =	 "LINBIT",
  title =	 "{DRBD}",
  howpublished = {\url{
  http://www.drbd.org/}},
}

@article{cloudlets,
 author = {Satyanarayanan, Mahadev and Bahl, Paramvir and Caceres, Ram\'{o}n and Davies, Nigel},
 title = {The Case for VM-Based Cloudlets in Mobile Computing},
 journal = {IEEE Pervasive Computing},
 issue_date = {October 2009},
 volume = {8},
 number = {4},
 month = oct,
 year = {2009},
 issn = {1536-1268},
 pages = {14--23},
 numpages = {10},
 url = {http://dx.doi.org/10.1109/MPRV.2009.82},
 doi = {10.1109/MPRV.2009.82},
 acmid = {1638731},
 publisher = {IEEE Educational Activities Department},
 address = {Piscataway, NJ, USA},
 keywords = {augmented reality, cognitive augmentation, cyber foraging, dynamic VM synthesis, dynamic VM synthesis, cyber foraging, augmented reality, cognitive augmentation, virtual machines, resource constraints, resource constraints, virtual machines},
} 

@inproceedings{smore,
 author = {Cho, Junguk and Nguyen, Binh and Banerjee, Arijit and Ricci, Robert and Van der Merwe, Jacobus and Webb, Kirk},
 title = {SMORE: Software-defined Networking Mobile Offloading Architecture},
 booktitle = {Proceedings of the 4th Workshop on All Things Cellular: Operations, Applications, \&\#38; Challenges},
 series = {AllThingsCellular '14},
 year = {2014},
 isbn = {978-1-4503-2990-3},
 location = {Chicago, Illinois, USA},
 pages = {21--26},
 numpages = {6},
 url = {http://doi.acm.org/10.1145/2627585.2627595},
 doi = {10.1145/2627585.2627595},
 acmid = {2627595},
 publisher = {ACM},
 address = {New York, NY, USA},
 keywords = {mobile networking, service offloading, software-defined-network(sdn)},
}

@inproceedings{smog,
 author = {Jalaparti, Virajith and Caesar, Matthew and Lee, Seungjoon and Pang, Jeffery and Van der Merwe, Jacobus},
 title = {SMOG: A Cloud Platform for Seamless Wide Area Migration of Online Games},
 booktitle = {Proceedings of the 11th Annual Workshop on Network and Systems Support for Games},
 series = {NetGames '12},
 year = {2012},
 isbn = {978-1-4673-4578-1},
 location = {Venice, Italy},
 pages = {9:1--9:6},
 articleno = {9},
 numpages = {6},
 url = {http://dl.acm.org/citation.cfm?id=2501560.2501573},
 acmid = {2501573},
 publisher = {IEEE Press},
 address = {Piscataway, NJ, USA},
}

